@article{balcazar2004participatory,
  title={Participatory action research: General principles and a study with a chronic health condition},
  author={Balcazar, Fabricio E and Taylor, Ren{\'e}e R and Kielhofner, Gary W and Tamley, Karen and Benziger, Tom and Carlin, Nancy and Johnson, Sabrina},
  year={2004},
  publisher={American Psychological Association}
}

@incollection{fine2004participatory,
  title={Participatory action research: From within and beyond prison bars},
  author={Fine, Michelle and Torre, Maria Elena and Boudin, Kathy and Bowen, Iris and Clark, Judith and Hylton, Donna and Martinez, Migdalia and Rivera, Melissa and Roberts, Rosemarie and Smart, Pamela and others},
  booktitle={Qualitative research in psychology: Expanding perspectives in methodology and design},
  editor={Camic, P.M. and Rhodes, J.E. and Yardley, L}
  pages={179--198},
  year={2004},
  publisher={American Psychological Association},
  location={Washington, {DC}, {US}}
}

@incollection{senn2005you,
  author={Senn, Charlene Y},
  editor={Schneider, F.W. and Gruman, J.A. and Coutts, L.M.},
  title={You can change the world: Action, participatory, and activist research},
  booktitle={Applied social psychology: Understanding and addressing social problems},
  pages={355--373},
  year={2005},
  publisher={{SAGE} Publications, Inc.},
  location={Thousand Oaks, {CA}}
}

@incollection{lohmann2016geographic,
author={Lohmann, A},
editor={Jason, L.A. and Glenwick, D.S.},
year={2016},
title={Geographic Information Systems},
booktitle={Handbook of Methodological Approaches to Community-based Research},
pages={93--102},
pubisher={Oxford University Press},
location={New York, {NY}}
}

@article{quon2009gis,
  title={{GIS} applications for community-based research and action: mapping change in a community-building initiative},
  author={Quon Huber, Melissa S and Van Egeren, Laurie A and Pierce, Steven J and Foster-Fishman, Pennie G},
  journal={Journal of prevention \& intervention in the community},
  volume={37},
  number={1},
  pages={5--20},
  year={2009},
  publisher={Taylor \& Francis}
}

@article{cannuscio2009visual,
  title={Visual epidemiology: Photographs as tools for probing street-level etiologies},
  author={Cannuscio, Carolyn C and Weiss, Eve E and Fruchtman, Hannah and Schroeder, Jeannette and Weiner, Janet and Asch, David A},
  journal={Social Science \& Medicine},
  volume={69},
  number={4},
  pages={553--564},
  year={2009},
  publisher={Elsevier}
}

@book{rossi2004evaluation,
  title={Evaluation: A systematic approach},
  editor={Rossi, Peter H and Lipsey, Mark W and Freeman, Howard E},
  year={2004},
  publisher={{SAGE} Publications, Inc.},
  location={Thousand Oaks, {CA}}
}

@incollection{rossi2004expressing,
  title={Chapter 5: Expressing and Assessing Program Theory},
  booktitle={Evaluation: A systematic approach},
  author={Rossi, Peter H and Lipsey, Mark W and Freeman, Howard E},
  editor={Rossi, Peter H and Lipsey, Mark W and Freeman, Howard E},
  year={2004},
  pages={133--166},
  publisher={{SAGE} Publications, Inc.},
  location={Thousand Oaks, {CA}}
}

@incollection{rossi2004assessing,
  title={Chapter 6: Assessing and Monitoring Program Process},
  booktitle={Evaluation: A systematic approach},
  author={Rossi, Peter H and Lipsey, Mark W and Freeman, Howard E},
  editor={Rossi, Peter H and Lipsey, Mark W and Freeman, Howard E},
  year={2004},
  pages={169--199},
  publisher={{SAGE} Publications, Inc.},
  location={Thousand Oaks, {CA}}
}

@incollection{rossi2004assessing,
  title={Chapter 7: Measuring and Monitoring Program Outcomes},
  booktitle={Evaluation: A systematic approach},
  author={Rossi, Peter H and Lipsey, Mark W and Freeman, Howard E},
  editor={Rossi, Peter H and Lipsey, Mark W and Freeman, Howard E},
  year={2004},
  pages={203--231},
  publisher={{SAGE} Publications, Inc.},
  location={Thousand Oaks, {CA}}
}

@article{morgan1998practical,
  title={Practical strategies for combining qualitative and quantitative methods: Applications to health research},
  author={Morgan, David L},
  journal={Qualitative health research},
  volume={8},
  number={3},
  pages={362--376},
  year={1998},
  publisher={{SAGE} Publications, Inc.},
  location={Thousand Oaks, {CA}}
}

@incollection{smith1995semi,
  title={Semi-structured interviewing and qualitative analysis},
  author={Smith, Jonathan A},
  booktitle={Rethinking methods in psychology},
  editor={Smith, J.A. and Harre, R. and {Van Langenhove}, L.},
  volume={1},
  pages={9--26},
  year={1995}
  publisher={{SAGE} Publications, Inc.},
  location={Thousand Oaks, {CA}}
}

@incollection{hughes2002using,
  title={Using focus groups to facilitate culturally anchored research},
  author={Hughes, Diane L and DuMont, Kimberly},
  booktitle={Ecological research to promote social change},
  pages={257--289},
  year={2002}
}

@article{stein2004asking,
  author={Stein, Catherine H. and Mankowski, Eric S.},
  title={Asking, Witnessing, Interpreting, Knowing: Conducting Qualitative Research in Community Psychology},
  year={2004},
  journal={American Journal of Community Psychology},
  number={33},
  pages={21--35}
}

@article{luke2005getting,
  title={Getting the big picture in community science: Methods that capture context},
  author={Luke, Douglas A},
  journal={American journal of community psychology},
  volume={35},
  number={3-4},
  pages={185},
  year={2005},
}

@incollection{shinn2000cross,
  title={Cross-level research without cross-ups in community psychology},
  author={Shinn, Marybeth and Rapkin, Bruce D},
  booktitle={Handbook of community psychology},
  pages={669--695},
  year={2000},
  publisher={Springer}
}
