%%%%%%%%%%%%%%%%%%%%%%%%%%%%%%%%%%%%%%%%%%%%%%%%%%%%%%%%%%%%%%%%%%%%%%%%%%%%%%%%%%%%
% ("intimate partner violence" OR "domestic violence") OR (aggression OR violence) %
%   13 December 2016 %
%%%%%%%%%%%%%%%%%%%%%%%%%%%%%%%%%%%%%%%%%%%%%%%%%%%%%%%%%%%%%%%%%%%%%%%%%%%%%%%%%%%%
@article{mchugh2006intimate,
  title={Intimate partner violence},
  author={McHugh, Maureen C and Frieze, Irene Hanson},
  journal={Annals of the New York Academy of Sciences},
  volume={1087},
  number={1},
  pages={121--141},
  year={2006},
  publisher={Wiley Online Library}
}
@article{berkowitz1962aggression,
  title={Aggression: A social psychological analysis.},
  author={Berkowitz, Leonard},
  year={1962},
  publisher={McGraw-Hill}
}
@article{women2001putting,
  title={Putting Women First},
  author={Women, Domestic Violence Against},
  journal={World Health Organization},
  year={2001}
}
@article{krug2002world,
  title={The world report on violence and health},
  author={Krug, Etienne G and Mercy, James A and Dahlberg, Linda L and Zwi, Anthony B},
  journal={The lancet},
  volume={360},
  number={9339},
  pages={1083--1088},
  year={2002},
  publisher={Elsevier}
}
@article{gelles1972violent,
  title={The violent home: A study of physical aggression between husbands and wives.},
  author={Gelles, Richard J},
  year={1972},
  publisher={Sage}
}
@article{coie1998aggression,
  title={Aggression and antisocial behavior.},
  author={Coie, John D and Dodge, Kenneth A},
  year={1998},
  publisher={John Wiley \& Sons Inc}
}
@article{caspi2002role,
  title={Role of genotype in the cycle of violence in maltreated children},
  author={Caspi, Avshalom and McClay, Joseph and Moffitt, Terrie E and Mill, Jonathan and Martin, Judy and Craig, Ian W and Taylor, Alan and Poulton, Richie},
  journal={Science},
  volume={297},
  number={5582},
  pages={851--854},
  year={2002},
  publisher={American Association for the Advancement of Science}
}
@article{crenshaw1991mapping,
  title={Mapping the margins: Intersectionality, identity politics, and violence against women of color},
  author={Crenshaw, Kimberle},
  journal={Stanford law review},
  pages={1241--1299},
  year={1991},
  publisher={JSTOR}
}
@article{buss1962psychology,
  title={The psychology of aggression.},
  author={Buss, Arnold H},
  journal={The Journal of Nervous and Mental Disease},
  volume={135},
  number={2},
  pages={180--181},
  year={1962},
  publisher={LWW}
}


%%%%%%%%%%%%%%%%%%%%%%%%%%%%%%%%%%%%%%%%%%%%%%%%%%%%%%%%%%%%%%%%%%%%%%%%%%%%%%%%%%%%%%%%%
% ("intimate partner violence" OR "domestic violence") AND (intervention OR evaluation) %
%%%%%%%%%%%%%%%%%%%%%%%%%%%%%%%%%%%%%%%%%%%%%%%%%%%%%%%%%%%%%%%%%%%%%%%%%%%%%%%%%%%%%%%%%


%%%%%%%%%%%%%%%%%%%%%%%%%%%%%%%%%%%%%%%%%%%%%%%%%%%%%%%%%%%%%%%%%%%%%%%%%
% ("intimate partner violence" OR "domestic violence") AND (prevention) %
%%%%%%%%%%%%%%%%%%%%%%%%%%%%%%%%%%%%%%%%%%%%%%%%%%%%%%%%%%%%%%%%%%%%%%%%%


%%%%%%%%%%%%%%%%%%%%%%%%%%%%%%%%%%%%%%%%%%%%%%%%%%%%%%%%%%%%%%%%%%%%%%%%%%%%%%%%%%%%%%%%%
% ("intimate partner violence" OR "domestic violence") OR (aggression OR violence) AND
%   (lesbian OR bisexual OR "sexual minority") AND women %
%%%%%%%%%%%%%%%%%%%%%%%%%%%%%%%%%%%%%%%%%%%%%%%%%%%%%%%%%%%%%%%%%%%%%%%%%%%%%%%%%%%%%%%%%

%%%%%%%%%%%%%%%%%%%%%%%%%%%%%%%%%%%%%%%%%%%%%%%%%%%%%%%%%%%%%%%%%%%%%%%%%%%%%%%%%%%%%%%%%%%%%%%%%%%%
% female AND ("same-sex" OR "same-gender") AND ("intimate partner violence" OR "domestic violence")
%   AND (intervention OR evaluation) %
%%%%%%%%%%%%%%%%%%%%%%%%%%%%%%%%%%%%%%%%%%%%%%%%%%%%%%%%%%%%%%%%%%%%%%%%%%%%%%%%%%%%%%%%%%%%%%%%%%%%

%%%%%%%%%%%%%%%%%%%%%%%%%%%%%%%%%%%%%%%%%%%%%%%%%%%%%%%%%%%%%%%%%%%%%%%%%%%%%%%%%%%%%%%%%%%%%%%%%%%%%%%%%%%%%%%%%%%%%%
% female AND ("same-sex" OR "same-gender") AND ("intimate partner violence" OR "domestic violence") AND (prevention) %
%%%%%%%%%%%%%%%%%%%%%%%%%%%%%%%%%%%%%%%%%%%%%%%%%%%%%%%%%%%%%%%%%%%%%%%%%%%%%%%%%%%%%%%%%%%%%%%%%%%%%%%%%%%%%%%%%%%%%%

%%%%%%%%%%%%%%%%%%%%%%%%%%%%%%%%%%%%%%%%%%%%%%%%%%%%%%%%%%%%%%%%%%%%%%%%%%%%%%%%%%%%%%%%%%%%%%%%%%%%%%%%
% female AND ("same-sex" OR "same-gender") AND ("intimate partner violence" OR "domestic violence") AND
%   (ecological OR multilevel) %
%%%%%%%%%%%%%%%%%%%%%%%%%%%%%%%%%%%%%%%%%%%%%%%%%%%%%%%%%%%%%%%%%%%%%%%%%%%%%%%%%%%%%%%%%%%%%%%%%%%%%%%%
