%------------------------------------------------------------------------%
% Applied Community Psychology BibTeX Bibliography
%  Created and maintained by Rachel M. Smith
%------------------------------------------------------------------------%
%  Saved with string encoding Unicode (UTF-8) [~/Dropbox/rstudio/auxDocs]
%------------------------------------------------------------------------%
% Accented Characters: {\”a} {\^e} {\‘i} {\.I} {\o} {\’u} {\aa} {\c c}
%                       {\u g} {\l} {\~n} {\H o} {\v r} {\ss}
%------------------------------------------------------------------------%

@misc{aea2004guiding,
  author="{American Evaluation Association}",
  year={2004},
  title={Guiding principles for evaluators},
  url={\url{http://www.eval.org/p/cm/ld/fid=51}}
}

@article{ajzen2005influence,
  title={The influence of attitudes on behavior},
  author={Ajzen, Icek and Fishbein, Martin},
  journal={The handbook of attitudes},
  volume={173},
  pages={221},
  year={2005}
}

@article{balcazar2004participatory,
  title={Participatory action research: General principles and a study with a chronic health condition.},
  author={Balcazar, Fabricio E and Taylor, Ren{\'e}e R and Kielhofner, Gary W and Tamley, Karen and Benziger, Tom and Carlin, Nancy and Johnson, Sabrina},
  year={2004},
  publisher={American Psychological Association}
}

@article{baumeister2010self,
  title={The self},
  author={Baumeister, Roy F},
  journal={Advanced social psychology: The state of the science},
  pages={139--175},
  year={2010}
}

@article{bickman1987functions,
  title={The functions of program theory},
  author={Bickman, Leonard},
  journal={New directions for program evaluation},
  volume={1987},
  number={33},
  pages={5--18},
  year={1987},
  publisher={Wiley Online Library}
}

@article{braverman2013negotiating,
  author = {Braverman, Marc T.},
  journal = {American journal of Evaluation},
  pages = {99--114},
  title = {Negotiating Measurement Methodological and Interpersonal Considerations in the Choice and Interpretation of Instruments},
  volume = {34},
  year = {2013}
}

@article{cannuscio2009visual,
  title={Visual epidemiology: Photographs as tools for probing street-level etiologies},
  author={Cannuscio, Carolyn C and Weiss, Eve E and Fruchtman, Hannah and Schroeder, Jeannette and Weiner, Janet and Asch, David A},
  journal={Social Science \& Medicine},
  volume={69},
  number={4},
  pages={553--564},
  year={2009},
  publisher={Elsevier}
}

@article{case2014ethnography,
  title={Ethnography in community psychology: Promises and tensions},
  author={Case, Andrew D and Todd, Nathan R and Kral, Michael J},
  journal={American journal of community psychology},
  volume={54},
  number={1-2},
  pages={60--71},
  year={2014},
  publisher={Wiley Online Library}
}

@article{chavis1999sense,
  title={Sense of community: Advances in measurement and application},
  author={Chavis, David M and Pretty, Grace MH},
  journal={Journal of Community Psychology},
  volume={27},
  number={6},
  pages={635--642},
  year={1999},
  publisher={Wiley Online Library}
}

@article{christie2010insight,
  author = {Christie, Christina and Fleischer, Dreolin Nesbitt},
  journal = {American journal of Evaluation},
  pages = {326--346},
  shorttitle = {Insight into evaluation practice},
  title = {Insight into evaluation practice: A content analysis of designs and methods used in evaluation studies published in North American evaluation-focused journals},
  volume = {31},
  year = {2010}
}

@article{cohen1985stress,
  author = {Cohen, Sheldon and Wills, Thomas A.},
  journal = {Psychological bulletin},
  keywords = {Comm interventions and practice; intervention},
  pages = {310},
  title = {Stress, social support, and the buffering hypothesis.},
  volume = {98},
  year = {1985}
}

@article{corona2009richmond,
  title={Richmond Latino needs assessment: A community-university partnership to identify health concerns and service needs for Latino youth},
  author={Corona, Rosalie and Gonzalez, Tanya and Cohen, Robert and Edwards, Charlene and Edmonds, Torey},
  journal={Journal of community health},
  volume={34},
  number={3},
  pages={195--201},
  year={2009},
  publisher={Springer}
}

@article{crosby2006understanding,
  author = {Crosby, Faye and Iyer, Aarti and Sincharoen, Sirinda},
  journal = {Annu. Rev. Psychol.},
  pages = {585--611},
  title = {Understanding affirmative action},
  volume = {57},
  year = {2006}
}

@article{de2001qualitative,
  title={A qualitative evaluation of a mentor program for at-risk youth: The participants' perspective},
  author={{de Anda},
  Diane},
  journal={Child and Adolescent Social Work Journal},
  volume={18},
  number={2},
  pages={97--117},
  year={2001},
  publisher={Springer}
}

@article{durlak1997primary,
  title={Primary prevention mental health programs for children and adolescents: A meta-analytic review},
  author={Durlak, Joseph A and Wells, Anne M},
  journal={American journal of community psychology},
  volume={25},
  number={2},
  pages={115--152},
  year={1997},
  publisher={Wiley Online Library}
}

@incollection{dutta2016ethnographic,
  title={Ethnographic Approaches},
  author={Dutta, Urmitapa},booktitle={Handbook of Methodological Approaches to Community-based Research: Qualitative, Quantitative, and Mixed Methods},
  editor={Leonard, Jason A and Glenwick, David S},
  year={2016},
  publisher={Oxford University Press},
  location={New York, {NY}},
  pages = {69--79}
}

@article{falconer2011validity,
  author = {Falconer, Mary Kay and Clark, H. and Parris, Don},
  journal = {Children and Youth Services Review},
  pages = {66--77},
  title = {Validity in an evaluation of Healthy Families Florida-A program to prevent child abuse and neglect},
  volume = {33},
  year = {2011}
}

@article{fazio1986attitudes,
  title={How do attitudes guide behavior?},
  author={Fazio, Russell H},
  year={1986},
  publisher={Guilford Press}
}

@book{fowler1995improving,
  title={Improving survey questions: Design and evaluation},
  author={Fowler, Floyd J},
  volume={38},
  year={1995},
  publisher={{SAGE Publications}},
  location={Thousand Oaks, {CA}}
}

@article{garcia1999community,
  title={Community and sense of community: The case of an urban barrio in Caracas},
  author={Garc{\'I}a, Isabel and Giuliani, Fernando and Wiesenfeld, Esther},
  journal={Journal of Community Psychology},
  volume={27},
  number={6},
  pages={727--740},
  year={1999},
  publisher={Wiley Online Library}
}

@book{glenwick2016handbook,
  title={Handbook of Methodological Approaches to Community-based Research: Qualitative, Quantitative, and Mixed Methods},
  author={Glenwick, David S},
  year={2016},
  publisher={Oxford University Press}
}

@book{groves2009survey,
  title={Survey methodology},
  author={Groves, Robert M and Fowler Jr, Floyd J and Couper, Mick P and Lepkowski, James M and Singer, Eleanor and Tourangeau, Roger},
  volume={561},
  year={2009},
  publisher={John Wiley \& Sons},
  location={Hoboken, {NJ}},
  edition={Second Edition}
}

@article{gurin2002diversity,
  author = {Gurin, Patricia and Dey, Eric and Hurtado, Sylvia and Gurin, Gerald},
  journal = {Harvard Educational Review},
  pages = {330--367},
  shorttitle = {Diversity and higher education},
  title = {Diversity and higher education: Theory and impact on educational outcomes},
  volume = {72},
  year = {2002}
}

@article{harachi1999opening,
  author = {Harachi, Tracy and Abbott, Robert and Catalano, Richard and Haggerty, Kevin and Fleming, Charles B.},
  journal = {American journal of community psychology},
  pages = {711--731},
  shorttitle = {Opening the black box},
  title = {Opening the black box: Using process evaluation measures to assess implementation and theory building},
  volume = {27},
  year = {1999}
}

@article{ialongo1999proximal,
  author = {Ialongo, Nicholas and Werthamer, Lisa and Kellam, Sheppard and Brown, Hendricks and Wang, Songbai and Lin, Yuhua},
  journal = {American journal of community psychology},
  pages = {599--641},
  title = {Proximal impact of two first-grade preventive interventions on the early risk behaviors for later substance abuse, depression, and antisocial behavior},
  volume = {27},
  year = {1999}
}

@book{jason2004participatory,
  title={Participatory community research: Theories and methods in action.},
  author={Jason, Leonard A and Keys, Christopher B and Suarez-Balcazar, Yolanda Ed and Taylor, Ren{\'e}e R and Davis, Margaret I},
  year={2004},
  publisher={American Psychological Association}
}

@article{johnson2013exploring,
  title={Exploring alternative approaches for presenting evaluation results},
  author={Johnson, Jeremiah and Hall, Jori and Greene, Jennifer C and Ahn, Jeehae},
  journal={American Journal of Evaluation},
  pages={1098214013492995},
  year={2013},
  publisher={{SAGE} Publications}
}

@article{kellogg2004logic,
  author = {Kellogg, K.},
  journal = {Michigan: {WK} Kellogg Foundation},
  title = {Logic model development guide},
  year = {2004}
}

@article{kelly1971qualities,
  author = {Kelly, James G.},
  journal = {American Psychologist},
  number = {10},
  pages = {897},
  title = {Qualities for the community psychologist.},
  volume = {26},
  year = {1971}
}

@article{kloos2009social,
  author = {Kloos, Bret and Shah, Seema},
  journal = {American journal of Community Psychology},
  number = {3-4},
  pages = {316--326},
  publisher = {Springer},
  title = {A social ecological approach to investigating relationships between housing and adaptive functioning for persons with serious mental illness},
  volume = {44},
  year = {2009}
}

@book{kloos2012community,
  title={Community psychology: Linking individuals and communities},
  author={Kloos, Bret and Hill, Jean and Thomas, Elizabeth and Wandersman, Abraham and Elias, Maurice J},
  year={2012},
  publisher={Cengage Learning}
}

@article{kundin2010conceptual,
  title={A conceptual framework for how evaluators make everyday practice decisions},
  author={Kundin, Delia M},
  journal={American Journal of Evaluation},
  volume={31},
  number={3},
  pages={347--362},
  year={2010},
  publisher={SAGE Publications}
}

@article{leary2010affiliation,
  title={Affiliation, acceptance, and belonging: The pursuit of interpersonal connection},
  author={Leary, Mark R},
  journal={Handbook of social psychology},
  year={2010},
  publisher={Wiley Online Library}
}

@article{lewicka2011place,
  author = {Lewicka, Maria},
  journal = {journal of Environmental Psychology},
  number = {3},
  pages = {207--230},
  publisher = {Elsevier},
  title = {location attachment: How far have we come in the last 40 years?},
  volume = {31},
  year = {2011}
}

@article{lewin1951field,
  title={Field theory in social science},
  author={Lewin, Kurt and others},
  year={1951},
  publisher={Harper}
}

@incollection{lohman2016geographic,
  title={Geographic Information Systems},
  author={Lohmann, Andrew},
  booktitle={Handbook of Methodological Approaches to Community-based Research: Qualitative, Quantitative, and Mixed Methods},
  editor={Leonard, Jason A and Glenwick, David S},
  year={2016},
  publisher={Oxford University Press},
  location={New York, {NY}},
  pages = {93--102}
}

@article{luke2000smoke,
  author = {Luke, Douglas and Esmundo, Emily and Bloom, Yael},
  journal = {Tobacco Control},
  number = {1},
  pages = {16--23},
  publisher = {BMJ Publishing Group Ltd},
  title = {Smoke signs: patterns of tobacco billboard advertising in a metropolitan region},
  volume = {9},
  year = {2000}
}

@article{luke2005getting,
  title={Getting the big picture in community science: Methods that capture context},
  author={Luke, Douglas A},
  journal={American journal of community psychology},
  volume={35},
  number={3-4},
  pages={185--200},
  year={2005},
  publisher={Springer}
}

@article{lyseen2014review,
  title={A review and framework for categorizing current research and development in health related geographical information systems (GIS) studies},
  author={Lyseen, Anders Kn{\o}rr and N{\o}hr, Christian and S{\o}rensen, Esben Munk and Gudes, Ori and Geraghty, EM and Shaw, NT and Bivona-Tellez, C},
  journal={Yearb Med Inform},
  volume={9},
  number={1},
  pages={110--24},
  year={2014}
}

@article{markus1991culture,
  title={Culture and the self: Implications for cognition, emotion, and motivation.},
  author={Markus, Hazel R and Kitayama, Shinobu},
  journal={Psychological review},
  volume={98},
  number={2},
  pages={224},
  year={1991},
  publisher={American Psychological Association}
}

@article{mcmillan1986sense,
  author = {McMillan, David W and Chavis, David M},
  journal = {journal of community psychology},
  number = {1},
  pages = {6--23},
  publisher = {John Wiley and Sons, Inc.},
  title = {Sense of community: A definition and theory},
  volume = {14},
  year = {1986}
}

@article{mendoza2013using,
  author = {Mendoza, Natasha S and Conrow, Lindsey and Baldwin, Adrienne and Booth, Jaime},
  journal = {journal of Community Psychology},
  number = {7},
  pages = {799--810},
  publisher = {Wiley Online Library},
  title = {Using {GIS} to describe risk and neighborhood-level factors associated with substance abuse treatment outcomes},
  volume = {41},
  year = {2013}
}

@article{miller2005learning,
  author = {Miller, Robin and Shinn, Marybeth},
  journal = {American journal of community psychology},
  keywords = {prevention},
  pages = {169--183},
  shorttitle = {Learning from communities},
  title = {Learning from communities: Overcoming difficulties in dissemination of prevention and promotion efforts},
  volume = {35},
  year = {2005}
}

@article{moane2003bridging,
  author = {Moane, Geraldine},
  journal = {American journal of community psychology},
  pages = {91--101},
  shorttitle = {Bridging the personal and the political},
  title = {Bridging the personal and the political: Practices for a liberation psychology},
  volume = {31},
  year = {2003}
}

@article{mortensen2010full,
  title={Full-Cycle Social Psychology for Theory and Application},
  author={Mortensen, Chad R and Cialdini, Robert B},
  journal={Social and Personality Psychology Compass},
  volume={4},
  number={1},
  pages={53--63},
  year={2010},
  publisher={Wiley Online Library}
}

@article{nelson2001building,
  author = {Nelson, Geoffrey and Prilleltensky, Isaac and {MacGillivary},
  Heather},
  journal = {American journal of Community Psychology},
  pages = {649--677},
  shorttitle = {Building value-based partnerships},
  title = {Building value-based partnerships: Toward solidarity with oppressed groups},
  volume = {29},
  year = {2001}
}

@book{nelson2014community,
  title={Community psychology and community mental health: Towards transformative change},
  author={Nelson, Geoffrey and Kloos, Bret and Ornelas, Jose},
  year={2014},
  publisher={Oxford University Press}
}

@article{nelson2014early,
  author = {Nelson, Geoffrey and Stefancic, Ana and Rae, Jennifer and Townley, Greg and Tsemberis, Sam and Macnaughton, Eric and Aubry, Tim and Distasio, Jino and Hurtubise, Roch and Patterson, Michelle and {others}},
  journal = {Evaluation and program planning},
  keywords = {intervention},
  pages = {16--26},
  shorttitle = {Early implementation evaluation of a multi-site housing first intervention for homeless people with mental illness},
  title = {Early implementation evaluation of a multi-site housing first intervention for homeless people with mental illness: a mixed methods approach},
  volume = {43},
  year = {2014}
}

@article{nicotera2007measuring,
  author = {Nicotera, Nicole},
  journal = {American journal of Community Psychology},
  number = {1-2},
  pages = {26--51},
  publisher = {Springer},
  title = {Measuring neighborhood: A conundrum for human services researchers and practitioners},
  volume = {40},
  year = {2007}
}

@article{oishi2010social,
  author = {Oishi, Shigehiro and Graham, Jesse},
  journal = {Perspectives on Psychological Science},
  number = {4},
  pages = {356--377},
  publisher = {{SAGE Publications, Inc.}},
  title = {Social ecology lost and found in psychological science},
  volume = {5},
  year = {2010}
}

@article{orsini2012collaborative,
  title={Collaborative evaluation of a high school prevention curriculum: How methods of collaborative evaluation enhanced a randomized control trial to inform program improvement},
  author={Orsini, Muhsin Michael and Wyrick, David L and Milroy, Jeffrey J},
  journal={Evaluation and program planning},
  volume={35},
  number={4},
  pages={529--534},
  year={2012},
  publisher={Elsevier}
}

@article{parker2006constructing,
  author = {Parker, Brenda},
  journal = {The Professional Geographer},
  number = {4},
  pages = {470--484},
  publisher = {Taylor and Francis},
  title = {Constructing Community Through Maps? Power and Praxis in Community Mapping},
  volume = {58},
  year = {2006}
}

@article{pretty2003sense,
  author = {Pretty, Grace H and Chipuer, Heather M and Bramston, Paul},
  journal = {journal of Environmental Psychology},
  number = {3},
  pages = {273--287},
  publisher = {Elsevier},
  title = {Sense of place amongst adolescents and adults in two rural Australian towns: The discriminating features of place attachment, sense of community and place dependence in relation to place identity},
  volume = {23},
  year = {2003}
}

@article{proshansky1983place,
  author = {Proshansky, Harold M and Fabian, Abbe K and Kaminoff, Robert},
  journal = {journal of environmental psychology},
  number = {1},
  pages = {57--83},
  publisher = {Elsevier},
  title = {location-identity: Physical world socialization of the self},
  volume = {3},
  year = {1983}
}

@article{quon2009gis,
  title={GIS applications for community-based research and action: mapping change in a community-building initiative},
  author={Quon Huber, Melissa S and Van Egeren, Laurie A and Pierce, Steven J and Foster-Fishman, Pennie G},
  journal={Journal of prevention \& intervention in the community},
  volume={37},
  number={1},
  pages={5--20},
  year={2009},
  publisher={Taylor \& Francis}
}

@article{rappaport1987terms,
  title={Terms of empowerment/exemplars of prevention: Toward a theory for community psychology},
  author={Rappaport, Julian},
  journal={American journal of community psychology},
  volume={15},
  number={2},
  pages={121--148},
  year={1987},
  publisher={Springer}
}

@article{reis1988intimacy,
  title={Intimacy as an interpersonal process},
  author={Reis, Harry T and Shaver, Phillip and others},
  journal={Handbook of personal relationships},
  volume={24},
  number={3},
  pages={367--389},
  year={1988}
}

@article{reis2010social,
  title={Social psychological methods outside the laboratory},
  author={Reis, Harry T and Gosling, Samuel D},
  journal={Handbook of social psychology},
  year={2010},
  publisher={Wiley Online Library}
}

@article{riger1993s,
  title={What's wrong with empowerment},
  author={Riger, Stephanie},
  journal={American journal of community psychology},
  volume={21},
  number={3},
  pages={279--292},
  year={1993},
  publisher={Wiley Online Library}
}

@article{rodriguez2013cooking,
  title={Cooking, healthy eating, fitness and fun (CHEFFs): qualitative evaluation of a nutrition education program for children living at urban family homeless shelters},
  author={Rodriguez, Jacqueline and Applebaum, Jo and Stephenson-Hunter, Cara and Tinio, Andrea and Shapiro, Alan},
  journal={American journal of public health},
  volume={103},
  number={S2},
  pages={S361--S367},
  year={2013},
  publisher={American Public Health Association}
}

@book{rossi2003evaluation,
  title={Evaluation: A systematic approach},
  author={Rossi, Peter H and Lipsey, Mark W and Freeman, Howard E},
  year={2003},
  publisher={{SAGE} publications},
  location={Thousand Oaks, {CA}}
}

@article{ryan2014focus,
  title={Focus Group Evidence Implications for Design and Analysis},
  author={Ryan, Katherine E and Gandha, Tysza and Culbertson, Michael J and Carlson, Crystal},
  journal={American Journal of Evaluation},
  volume={35},
  number={3},
  pages={328--345},
  year={2014},
  publisher={SAGE Publications}
}

@article{schwarz2001asking,
  author = {Schwarz, Norbert and Oyserman, Daphna},
  journal = {American journal of Evaluation},
  pages = {127--160},
  shorttitle = {Asking questions about behavior},
  title = {Asking questions about behavior: Cognition, communication, and questionnaire construction},
  volume = {22},
  year = {2001}
}

@article{seidman1988back,
  title={Back to the future, community psychology: Unfolding a theory of social intervention},
  author={Seidman, Edward},
  journal={American journal of community psychology},
  volume={16},
  number={1},
  pages={3--24},
  year={1988},
  publisher={Springer}
}

@book{shadish1991foundations,
  author = {Shadish, William and Cook, Thomas and Leviton, Laura C.},
  location = {Thousand Oaks, {CA}},
  publisher = {{SAGE Publications, Inc.}},
  shorttitle = {foundations of program evaluation},
  title = {Foundations of program evaluation: Theories of practice},
  year = {1991}
}

@article{shadish1998evaluation,
  title={Evaluation theory is who we are},
  author={Shadish, William R},
  journal={American Journal of Evaluation},
  volume={19},
  number={1},
  pages={1--19},
  year={1998},
  publisher={Sage Publications}
}

@article{sherif1998experiments,
  author = {Sherif, Muzafer},
  journal = {Human emotions: A reader},
  pages = {245--252},
  title = {Experiments in group conflict},
  year = {1998}
}

@article{shinn1991social,
  title={Social relationships and vulnerability to becoming homeless among poor families.},
  author={Shinn, Marybeth and Knickman, James R and Weitzman, Beth C},
  journal={American Psychologist},
  volume={46},
  number={11},
  pages={1180},
  year={1991},
  publisher={American Psychological Association}
}

@article{shinn2003community,
  author = {Shinn, Marybeth and Toohey, Siobhan M},
  journal = {Annual review of psychology},
  number = {1},
  pages = {427--459},
  publisher = {Annual Reviews},
  title = {Community contexts of human welfare},
  volume = {54},
  year = {2003},
  location = {Palo Alto, {CA}}
}

@article{shinn2014capabilities,
  title={The capabilities approach to transformative change in mental health},
  author={Shinn, M},
  journal={Community psychology and community mental health: Towards transformative change},
  pages={75--86},
  year={2014}
}

@article{smith2015rebuilding,
  title={Rebuilding lives and identities: The role of place in recovery among persons with complex needs},
  author={Smith, Bikki Tran and Padgett, Deborah K and Choy-Brown, Mimi and Henwood, Benjamin F},
  journal={Health \& place},
  volume={33},
  pages={109--117},
  year={2015},
  publisher={Elsevier}
}

@article{speer1995community,
  author = {Speer, Paul and Hughey, Joseph},
  journal = {American journal of community psychology},
  pages = {729--748},
  shorttitle = {Community organizing},
  title = {Community organizing: An ecological route to empowerment and power},
  volume = {23},
  year = {1995}
}

@article{spreitzer1995empirical,
  title={An empirical test of a comprehensive model of intrapersonal empowerment in the workplace},
  author={Spreitzer, Gretchen M},
  journal={American journal of community psychology},
  volume={23},
  number={5},
  pages={601--629},
  year={1995},
  publisher={Wiley Online Library}
}

@article{stein2004asking,
  title={Asking, witnessing, interpreting, knowing: Conducting qualitative research in community psychology},
  author={Stein, Catherine H and Mankowski, Eric S},
  journal={American Journal of Community Psychology},
  volume={33},
  number={1-2},
  pages={21--35},
  year={2004},
  publisher={Springer}
}

@article{stokols1992establishing,
  author = {Stokols, Daniel},
  journal = {American Psychologist},
  number = {1},
  pages = {6},
  publisher = {American Psychological Association},
  title = {Establishing and maintaining healthy environments: toward a social ecology of health promotion.},
  volume = {47},
  year = {1992}
}

@article{sullivan2006assessing,
  author = {Sullivan, Daniel Monroe},
  journal = {Housing Policy Debate},
  number = {3},
  pages = {595--624},
  publisher = {Taylor and Francis},
  title = {Assessing residents{\rq} opinions on changes in a gentrifying neighborhood: A case study of the Alberta neighborhood in Portland, Oregon},
  volume = {17},
  year = {2006}
}

@article{sullivan2011retail,
  author = {Sullivan, Daniel Monroe and Shaw, Samuel C},
  journal = {Urban Affairs Review},
  number = {3},
  pages = {413--432},
  publisher = {{SAGE Publications, Inc.}},
  title = {Retail gentrification and race: The case of Alberta Street in Portland, Oregon},
  volume = {47},
  year = {2011}
}

@article{tajfel2004social,
  title={The Social Identity Theory of Intergroup Behavior.},
  author={Tajfel, Henri and Turner, John C},
  year={2004},
  publisher={Psychology Press}
}

@article{taylor1998social,
  title={The social being in social psychology.},
  author={Taylor, Shelley E},
  year={1998},
  publisher={McGraw-Hill}
}

@article{taylor2000biobehavioral,
  title={Biobehavioral responses to stress in females: tend-and-befriend, not fight-or-flight.},
  author={Taylor, Shelley E and Klein, Laura Cousino and Lewis, Brian P and Gruenewald, Tara L and Gurung, Regan AR and Updegraff, John A},
  journal={Psychological review},
  volume={107},
  number={3},
  pages={411},
  year={2000},
  publisher={American Psychological Association}
}

@article{thornton2011using,
  author = {Thornton, Lukar E and Pearce, Jamie R and Kavanagh, Anne M},
  journal = {Int J Behav Nutr Phys Act},
  number = {71},
  pages = {10--1186},
  title = {Using Geographic Information Systems (GIS) to assess the role of the built environment in influencing obesity: a glossary},
  volume = {8},
  year = {2011}
}

@article{townley2009understanding,
  author = {Townley, Greg and Kloos, Bret and Wright, Patricia A},
  journal = {Health and place},
  number = {2},
  pages = {520--531},
  publisher = {Elsevier},
  title = {Understanding the experience of place: Expanding methods to conceptualize and measure community integration of persons with serious mental illness},
  volume = {15},
  year = {2009}
}

@article{townley2011reconcilable,
  title={Reconcilable differences? Human diversity, cultural relativity, and sense of community},
  author={Townley, Greg and Kloos, Bret and Green, Eric P and Franco, Margarita M},
  journal={American Journal of Community Psychology},
  volume={47},
  number={1-2},
  pages={69--85},
  year={2011},
  publisher={Wiley Online Library}
}

@article{trickett2011water,
  title={From “water boiling in a Peruvian town” to “letting them die”: Culture, community intervention, and the metabolic balance between patience and zeal},
  author={Trickett, Edison J},
  journal={American Journal of Community Psychology},
  volume={47},
  number={1-2},
  pages={58--68},
  year={2011},
  publisher={Springer}
}

@article{wang1997photovoice,
  title={Photovoice: Concept, methodology, and use for participatory needs assessment},
  author={Wang, Caroline and Burris, Mary Ann},
  journal={Health education \& behavior},
  volume={24},
  number={3},
  pages={369--387},
  year={1997},
  publisher={Sage Publications}
}

@article{watts1992elements,
  title={Elements of a psychology of human diversity},
  author={Watts, Roderick J},
  journal={Journal of Community Psychology},
  volume={20},
  number={2},
  pages={116--131},
  year={1992},
  publisher={Wiley Online Library}
}

@article{weitzman2013good,
  author = {Weitzman, Beth and Silver, Diana},
  journal = {American journal of Evaluation},
  pages = {115--119},
  title = {Good Evaluation Measures More Than Their Psychometric Properties},
  volume = {34},
  year = {2013}
}

@article{wise2015placing,
  author = {Wise, Nicholas},
  journal = {journal of Community Psychology},
  number = {7},
  pages = {920--929},
  publisher = {Wiley Online Library},
  title = {Placing Sense of Community},
  volume = {43},
  year = {2015}
}

@article{wright2007housing,
  author = {Wright, Patricia Ann and Kloos, Bret},
  journal = {journal of Environmental Psychology},
  number = {1},
  pages = {79--89},
  publisher = {Elsevier},
  title = {Housing environment and mental health outcomes: A levels of analysis perspective},
  volume = {27},
  year = {2007}
}

@article{ziersch2005neighbourhood,
  author = {Ziersch, Anna M and Baum, Fran E and MacDougall, Colin and Putland, Christine},
  journal = {Social science and medicine},
  number = {1},
  pages = {71--86},
  publisher = {Elsevier},
  title = {Neighbourhood life and social capital: the implications for health},
  volume = {60},
  year = {2005}
}

@article{anderies2004framework,
    author = {Anderies, John and Janssen, Marco and Ostrom, Elinor},
    journal = {Ecology and society},
    pages = {18},
    title = {A framework to analyze the robustness of social-ecological systems from an institutional perspective},
    volume = {9},
    year = {2004}
}

@incollection{anders1966action,
  author={Anders, D.J.},
  year={1966},
  title={Action research},
  booktitle={The action research reader},
  editor={kemmis, S. and McTaggart, R.},
  edition={{Third Edition}},
  pages={317--321},
  location={Victoria},
  publisher={Deakin University}
}

@article{baral2013modified,
    author = {Baral, Stefan and Logie, Carmen and Grosso, Ashley and Wirtz, Andrea and Beyrer, Chris},
    journal = {{BMC} Public Health},
    pages = {482},
    shorttitle = {Modified social ecological model},
    title = {Modified social ecological model: a tool to guide the assessment of the risks and risk contexts of {HIV} epidemics},
    volume = {13},
    year = {2013}
}

@article{barner2011interventions,
  title={Interventions for intimate partner violence: A historical review},
  author={Barner, John R and Carney, Michelle Mohr},
  journal={Journal of Family Violence},
  volume={26},
  number={3},
  pages={235--244},
  year={2011},
  publisher={Springer}
}

@article{beeker1998community,
    author = {Beeker, Carolyn and Guenther-Grey, Carolyn and Raj, Anita},
    journal = {Social science and medicine},
    pages = {831--842},
    title = {Community empowerment paradigm drift and the primary prevention of {HIV}/{AIDS}},
    volume = {46},
    year = {1998}
}

@article{brydon-miller2003why,
    author = {Brydon-Miller, Mary and Greenwood, Davydd and Maguire, Patricia},
    journal = {Action research},
    keywords = {action research; Comm interventions and practice; intervention},
    pages = {9--28},
    title = {Why action research?},
    volume = {1},
    year = {2003}
}

@misc{centers2015social,
    author = {{Centers for Disease Control and Prevention ({CDC})} and others},
    title = {The {Social-Ecological Model}: a framework for prevention},
    year = {2015}
}

@article{chandler2003transforming,
  title = {Transforming inquiry and action interweaving 27 flavors of action research},
  author = {Chandler, Dawn and Torbert, Bill},
  journal = {Action Research},
  volume = {1},
  number = {2},
  pages = {133--152},
  year = {2003},
  publisher = {SAGE Publications}
}

@book{charmaz2006constructing,
    author = {Charmaz, Kathy},
    location = {Thousand Oaks, {CA}},
    publisher = {{SAGE Publications, Inc.}},
    booktitle = {Constructing Grounded Theory: A Practical Guide Through Qualitative Analysis (Introducing Qualitative Methods series)},
    year = {2006}
}

@book{collins2002black,
    author = {Collins, Patricia Hill},
    location = {New York, {NY}, {US}},
    publisher = {Routledge},
    shorttitle = {black feminist thought},
    title = {Black feminist thought: Knowledge, consciousness, and the politics of empowerment},
    year = {2002}
}

@article{cobb1993empowerment,
    author = {Cobb, Sara},
    journal = {Negotiation journal},
    pages = {245--259},
    shorttitle = {Empowerment and mediation},
    title = {Empowerment and mediation: A narrative perspective},
    volume = {9},
    year = {1993}
}

@article{corbin1990basics,
    author = {Corbin, Juliet and Strauss, Anselm},
    journal = {Basics of qualitative research: Grounded Theory procedures and techniques},
    publisher = {Londres Sage Publications, Inc.},
    title = {Basics of qualitative research: Grounded theory procedures and techniques},
    volume = {41},
    year = {1990}
}

@book{creswell2013research, author = {Creswell, John W.},
    location = {Thousand Oaks, {CA}},
    publisher = {{SAGE Publications, Inc.}},
    shorttitle = {research design},
    title = {Research design: Qualitative, quantitative, and mixed methods approaches},
    year = {2013}
}

@article{dutton2007duluth, title={The Duluth model: A data-impervious paradigm and a failed strategy},
    author={Dutton, Donald G and Corvo, Kenneth},
    journal={Aggression and Violent Behavior},
    volume={12},
    number={6},
    pages={658--667},
    year={2007},
    publisher={Elsevier}
}

@article{fine2004participatory, author = {Fine, Michelle and Torre, Maria Elena and Boudin, Kathy and Bowen, Iris and Clark, Judith and Hylton, Donna and Martinez, Migdalia and Rosemarie, A.},
    journal = {Working method: Research and social justice},
    keywords = {action research; Prison},
    pages = {95--119},
    shorttitle = {Participatory action research},
    title = {Participatory action research: From within and beyond prison bars},
    year = {2004}
}

@article{friedman-nimz2006blending, author = {Friedman-Nimz, Reva and Altman, Jennifer and Cain, Spencer and Korn, Shira and Karger, Mary Jane and Witsch, Michael and Muffly, Sarah and Weiss, Melanie},
    journal = {Prufrock journal},
    pages = {258--264},
    shorttitle = {Blending support and social action},
    title = {Blending support and social action: The power of a gay-straight alliance and {PrideWorks} conference},
    volume = {17},
    year = {2006}
}

@article{gondolf2007theoretical, author = {Gondolf, Edward W.},
    journal = {Aggression and Violent Behavior},
    pages = {644--657},
    shorttitle = {Theoretical and research support for the Duluth Model},
    title = {Theoretical and research support for the Duluth Model: A reply to Dutton and Corvo},
    volume = {12},
    year = {2007}
}

@article{greene1989toward, author = {Greene, Jennifer and Caracelli, Valerie and Graham, Wendy F.},
    journal = {Educational evaluation and policy analysis},
    pages = {255--274},
    title = {Toward a conceptual framework for mixed-method evaluation designs},
    volume = {11},
    year = {1989}
}

@article{heckert2004battered, author = {Heckert, Alex and Gondolf, Edward W.},
    journal = {journal of Interpersonal Violence},
    pages = {778--800},
    title = {Battered women's perceptions of risk versus risk factors and instruments in predicting repeat reassault},
    volume = {19},
    year = {2004}
}

@article{johnson2007toward, author = {Johnson, Burke and Onwuegbuzie, Anthony and Turner, Lisa A.},
    journal = {journal of mixed methods research},
    pages = {112--133},
    title = {Toward a definition of mixed methods research},
    volume = {1},
    year = {2007}
}

@article{kelly2004community, author = {Kelly, James and Azelton, Sean and Lardon, Cecile and Mock, Lynne and Tandon, Darius and Thomas, Mamie},
    journal = {American journal of Community Psychology},
    keywords = {action research},
    pages = {205--216},
    shorttitle = {On community leadership},
    title = {On community leadership: Stories about collaboration in action research},
    volume = {33},
    year = {2004}
}

@article{kidder1987qualitative, author = {Kidder, Louise and Fine, Michelle},
    journal = {New directions for program evaluation},
    number = {35},
    pages = {57--75},
    shorttitle = {Qualitative and quantitative methods},
    title = {Qualitative and quantitative methods: When stories converge},
    volume = {1987},
    year = {1987}
}

@book{mertens2012program, author = {Mertens, Donna and Wilson, Amy T.},
    publisher = {Guilford Press},
    shorttitle = {program evaluation theory and practice},
    title = {Program evaluation theory and practice: A comprehensive guide},
    year = {2012}
}

@article{meyer1995minority, author = {Meyer, Ilan H},
    journal = {journal of health and social behavior},
    keywords = {minority stress},
    pages = {38--56},
    title = {Minority stress and mental health in gay men},
    year = {1995}
}

@article{meyer2003prejudice, author = {Meyer, Ilan H},
    journal = {Psychological bulletin},
    keywords = {lesbian; {SMW}},
    pages = {674},
    shorttitle = {Prejudice, social stress, and mental health in lesbian, gay, and bisexual populations},
    title = {Prejudice, social stress, and mental health in lesbian, gay, and bisexual populations: conceptual issues and research evidence.},
    volume = {129},
    year = {2003}
}

@article{meyer2010right, author = {Meyer, Ilan H},
    journal = {Archives of sexual behavior},
    keywords = {minority stress},
    pages = {1217--1219},
    shorttitle = {The right comparisons in testing the minority stress hypothesis},
    title = {The right comparisons in testing the minority stress hypothesis: Comment on Savin-Williams, Cohen, Joyner, and Rieger (2010)},
    volume = {39},
    year = {2010}
}

@article{meyer2015resilience, title = {Resilience in the study of minority stress and health of sexual and gender minorities.},
    author = {Meyer, Ilan H},
    journal = {Psychology of Sexual Orientation and Gender Diversity},
    volume = {2},
    number = {3},
    pages = {209},
    year = {2015},
    publisher = {Educational Publishing Foundation}
}

@book{morgan2014mmr, author = {Morgan, David},
    location = {Thousand Oaks, {CA}},
    publisher = {{SAGE Publications, Inc.}},
    title = {Integrating Qualitative and Quantitative Methods: A Pragmatic Approach},
    volume = {16},
    year = {2014}
}

@article{noffke1997professional, author = {Noffke, Susan E.},
    journal = {Review of research in education},
    pages = {305--343},
    title = {Professional, personal, and political dimensions of action research},
    year = {1997}
}

@book{owen1999program, author = {Owen, John and Rogers, Patricia},
    location = {Thousand Oaks, {CA}},
    publisher = {{SAGE Publications, Inc.}},
    shorttitle = {program evaluation},
    title = {Program evaluation: Forms and approaches},
    year = {1999}
}

@article{prilleltensky1997values, author = {Prilleltensky, Isaac},
    journal = {American Psychologist},
    pages = {517},
    shorttitle = {Values, assumptions, and practices},
    title = {Values, assumptions, and practices: Assessing the moral implications of psychological discourse and action.},
    volume = {52},
    year = {1997}
}

@article{prilleltensky2001value-based, author = {Prilleltensky, Isaac},
    journal = {American journal of community psychology},
    pages = {747--778},
    shorttitle = {Value-based praxis in community psychology},
    title = {Value-based praxis in community psychology: Moving toward social justice and social action},
    volume = {29},
    year = {2001}
}

@article{riger1993what, title={What's wrong with empowerment},
    author={Riger, Stephanie},
    journal={American journal of community psychology},
    volume={21},
    number={3},
    pages={279--292},
    year={1993},
    publisher={Wiley Online Library}
}

@book{royse2009program, author = {Royse, David and Thyer, Bruce and Padgett, Deborah},
    publisher = {Cengage Learning},
    shorttitle = {program evaluation},
    title = {Program evaluation: An introduction},
    year = {2009}
}

@article{seidman2012emerging, author = {Seidman, Edward},
    journal = {American journal of Community Psychology},
    keywords = {Comm interventions and practice; intervention},
    pages = {1--16},
    title = {An emerging action science of social settings},
    volume = {50},
    year = {2012}
}

@article{stokols1996translating, author = {Stokols, Daniel},
    journal = {American journal of health promotion},
    pages = {282--298},
    title = {Translating social ecological theory into guidelines for community health promotion},
    volume = {10},
    year = {1996}
}

@article{strauss1994grounded, author = {Strauss, Anselm and Corbin, Juliet},
    journal = {Handbook of qualitative research},
    pages = {273--285},
    title = {Grounded theory methodology},
    year = {1994}
}

@article{tharp2013systematic, author = {Tharp, Andra Teten and {DeGue},
    Sarah and Valle, Linda Anne and Brookmeyer, Kathryn and Massetti, Greta and Matjasko, Jennifer L.},
    journal = {Trauma, Violence, and Abuse},
    pages = {133--167},
    title = {A systematic qualitative review of risk and protective factors for sexual violence perpetration},
    volume = {14},
    year = {2013}
}

@article{visser2007social, author = {Visser, Maretha},
    journal = {Community psychology: Analysis, context and action},
    pages = {102--116},
    title = {The social ecological model as theoretical framework in community psychology},
    year = {2007}
}

@article{walker2006handful, author = {Walker, Brian and Gunderson, Lance and Kinzig, Ann and Folke, Carl and Carpenter, Steve and Schultz, Lisen},
    journal = {Ecology and society},
    pages = {13},
    title = {A handful of heuristics and some propositions for understanding resilience in social-ecological systems},
    volume = {11},
    year = {2006}
}

@article{walton-moss2005risk, author = {Walton-Moss, Benita and Manganello, Jennifer and Frye, Victoria and Campbell, Jacquelyn C.},
    journal = {journal of community health},
    keywords = {Intimate Partner Violence; violence},
    pages = {377--389},
    title = {Risk factors for intimate partner violence and associated injury among urban women},
    volume = {30},
    year = {2005}
}

@article{whitaker2014linking, author = {Whitaker, Pippin},
    journal = {Violence against women},
    number = {11},
    pages = {1338--1359},
    title = {Linking community protective factors to intimate partner violence perpetration},
    volume = {20},
    year = {2014}}
