%------------------------------------------------------------------------%
% Applied Community Psychology BibTeX Bibliography
%  Created and maintained by Rachel M. Smith
%------------------------------------------------------------------------%
%  Saved with string encoding Unicode (UTF-8) [~/Dropbox/rstudio/auxDocs]
%------------------------------------------------------------------------%
% Accented Characters: {\”a} {\^e} {\‘i} {\.I} {\o} {\’u} {\aa} {\c c}
%                       {\u g} {\l} {\~n} {\H o} {\v r} {\ss}
%------------------------------------------------------------------------%

@misc{aea2004guiding,
  author="{American Evaluation Association}",
  year={2004},
  title={Guiding principles for evaluators},
  url={\url{http://www.eval.org/p/cm/ld/fid=51}}
}

@article{ajzen2005influence,
  title={The influence of attitudes on behavior},
  author={Ajzen, Icek and Fishbein, Martin},
  journal={The handbook of attitudes},
  volume={173},
  pages={221},
  year={2005}
}

@article{balcazar2004participatory,
  title={Participatory action research: General principles and a study with a chronic health condition.},
  author={Balcazar, Fabricio E and Taylor, Ren{\'e}e R and Kielhofner, Gary W and Tamley, Karen and Benziger, Tom and Carlin, Nancy and Johnson, Sabrina},
  year={2004},
  publisher={American Psychological Association}
}

@article{baumeister2010self,
  title={The self},
  author={Baumeister, Roy F},
  journal={Advanced social psychology: The state of the science},
  pages={139--175},
  year={2010}
}

@article{bickman1987functions,
  title={The functions of program theory},
  author={Bickman, Leonard},
  journal={New directions for program evaluation},
  volume={1987},
  number={33},
  pages={5--18},
  year={1987},
  publisher={Wiley Online Library}
}

@article{braverman2013negotiating,
  author = {Braverman, Marc T.},
  journal = {American journal of Evaluation},
  pages = {99--114},
  title = {Negotiating Measurement Methodological and Interpersonal Considerations in the Choice and Interpretation of Instruments},
  volume = {34},
  year = {2013}
}

@article{cannuscio2009visual,
  title={Visual epidemiology: Photographs as tools for probing street-level etiologies},
  author={Cannuscio, Carolyn C and Weiss, Eve E and Fruchtman, Hannah and Schroeder, Jeannette and Weiner, Janet and Asch, David A},
  journal={Social Science \& Medicine},
  volume={69},
  number={4},
  pages={553--564},
  year={2009},
  publisher={Elsevier}
}

@article{case2014ethnography,
  title={Ethnography in community psychology: Promises and tensions},
  author={Case, Andrew D and Todd, Nathan R and Kral, Michael J},
  journal={American journal of community psychology},
  volume={54},
  number={1-2},
  pages={60--71},
  year={2014},
  publisher={Wiley Online Library}
}

@article{chavis1999sense,
  title={Sense of community: Advances in measurement and application},
  author={Chavis, David M and Pretty, Grace MH},
  journal={Journal of Community Psychology},
  volume={27},
  number={6},
  pages={635--642},
  year={1999},
  publisher={Wiley Online Library}
}

@article{christie2010insight,
  author = {Christie, Christina and Fleischer, Dreolin Nesbitt},
  journal = {American journal of Evaluation},
  pages = {326--346},
  shorttitle = {Insight into evaluation practice},
  title = {Insight into evaluation practice: A content analysis of designs and methods used in evaluation studies published in North American evaluation-focused journals},
  volume = {31},
  year = {2010}
}

@article{cohen1985stress,
  author = {Cohen, Sheldon and Wills, Thomas A.},
  journal = {Psychological bulletin},
  keywords = {Comm interventions and practice; intervention},
  pages = {310},
  title = {Stress, social support, and the buffering hypothesis.},
  volume = {98},
  year = {1985}
}

@article{corona2009richmond,
  title={Richmond Latino needs assessment: A community-university partnership to identify health concerns and service needs for Latino youth},
  author={Corona, Rosalie and Gonzalez, Tanya and Cohen, Robert and Edwards, Charlene and Edmonds, Torey},
  journal={Journal of community health},
  volume={34},
  number={3},
  pages={195--201},
  year={2009},
  publisher={Springer}
}

@article{crosby2006understanding,
  author = {Crosby, Faye and Iyer, Aarti and Sincharoen, Sirinda},
  journal = {Annu. Rev. Psychol.},
  pages = {585--611},
  title = {Understanding affirmative action},
  volume = {57},
  year = {2006}
}

@article{de2001qualitative,
  title={A qualitative evaluation of a mentor program for at-risk youth: The participants' perspective},
  author={{de Anda},
  Diane},
  journal={Child and Adolescent Social Work Journal},
  volume={18},
  number={2},
  pages={97--117},
  year={2001},
  publisher={Springer}
}

@article{durlak1997primary,
  title={Primary prevention mental health programs for children and adolescents: A meta-analytic review},
  author={Durlak, Joseph A and Wells, Anne M},
  journal={American journal of community psychology},
  volume={25},
  number={2},
  pages={115--152},
  year={1997},
  publisher={Wiley Online Library}
}

@incollection{dutta2016ethnographic,
  title={Ethnographic Approaches},
  author={Dutta, Urmitapa},booktitle={Handbook of Methodological Approaches to Community-based Research: Qualitative, Quantitative, and Mixed Methods},
  editor={Leonard, Jason A and Glenwick, David S},
  year={2016},
  publisher={Oxford University Press},
  location={New York, {NY}},
  pages = {69--79}
}

@article{falconer2011validity,
  author = {Falconer, Mary Kay and Clark, H. and Parris, Don},
  journal = {Children and Youth Services Review},
  pages = {66--77},
  title = {Validity in an evaluation of Healthy Families Florida-A program to prevent child abuse and neglect},
  volume = {33},
  year = {2011}
}

@article{fazio1986attitudes,
  title={How do attitudes guide behavior?},
  author={Fazio, Russell H},
  year={1986},
  publisher={Guilford Press}
}

@book{fowler1995improving,
  title={Improving survey questions: Design and evaluation},
  author={Fowler, Floyd J},
  volume={38},
  year={1995},
  publisher={{SAGE Publications}},
  location={Thousand Oaks, {CA}}
}

@article{garcia1999community,
  title={Community and sense of community: The case of an urban barrio in Caracas},
  author={Garc{\'I}a, Isabel and Giuliani, Fernando and Wiesenfeld, Esther},
  journal={Journal of Community Psychology},
  volume={27},
  number={6},
  pages={727--740},
  year={1999},
  publisher={Wiley Online Library}
}

@book{glenwick2016handbook,
  title={Handbook of Methodological Approaches to Community-based Research: Qualitative, Quantitative, and Mixed Methods},
  author={Glenwick, David S},
  year={2016},
  publisher={Oxford University Press}
}

@book{groves2009survey,
  title={Survey methodology},
  author={Groves, Robert M and Fowler Jr, Floyd J and Couper, Mick P and Lepkowski, James M and Singer, Eleanor and Tourangeau, Roger},
  volume={561},
  year={2009},
  publisher={John Wiley \& Sons},
  location={Hoboken, {NJ}},
  edition={Second Edition}
}

@article{gurin2002diversity,
  author = {Gurin, Patricia and Dey, Eric and Hurtado, Sylvia and Gurin, Gerald},
  journal = {Harvard Educational Review},
  pages = {330--367},
  shorttitle = {Diversity and higher education},
  title = {Diversity and higher education: Theory and impact on educational outcomes},
  volume = {72},
  year = {2002}
}

@article{harachi1999opening,
  author = {Harachi, Tracy and Abbott, Robert and Catalano, Richard and Haggerty, Kevin and Fleming, Charles B.},
  journal = {American journal of community psychology},
  pages = {711--731},
  shorttitle = {Opening the black box},
  title = {Opening the black box: Using process evaluation measures to assess implementation and theory building},
  volume = {27},
  year = {1999}
}

@article{ialongo1999proximal,
  author = {Ialongo, Nicholas and Werthamer, Lisa and Kellam, Sheppard and Brown, Hendricks and Wang, Songbai and Lin, Yuhua},
  journal = {American journal of community psychology},
  pages = {599--641},
  title = {Proximal impact of two first-grade preventive interventions on the early risk behaviors for later substance abuse, depression, and antisocial behavior},
  volume = {27},
  year = {1999}
}

@book{jason2004participatory,
  title={Participatory community research: Theories and methods in action.},
  author={Jason, Leonard A and Keys, Christopher B and Suarez-Balcazar, Yolanda Ed and Taylor, Ren{\'e}e R and Davis, Margaret I},
  year={2004},
  publisher={American Psychological Association}
}

@article{johnson2013exploring,
  title={Exploring alternative approaches for presenting evaluation results},
  author={Johnson, Jeremiah and Hall, Jori and Greene, Jennifer C and Ahn, Jeehae},
  journal={American Journal of Evaluation},
  pages={1098214013492995},
  year={2013},
  publisher={{SAGE} Publications}
}

@article{kellogg2004logic,
  author = {Kellogg, K.},
  journal = {Michigan: {WK} Kellogg Foundation},
  title = {Logic model development guide},
  year = {2004}
}

@article{kelly1971qualities,
  author = {Kelly, James G.},
  journal = {American Psychologist},
  number = {10},
  pages = {897},
  title = {Qualities for the community psychologist.},
  volume = {26},
  year = {1971}
}

@article{kloos2009social,
  author = {Kloos, Bret and Shah, Seema},
  journal = {American journal of Community Psychology},
  number = {3-4},
  pages = {316--326},
  publisher = {Springer},
  title = {A social ecological approach to investigating relationships between housing and adaptive functioning for persons with serious mental illness},
  volume = {44},
  year = {2009}
}

@book{kloos2012community,
  title={Community psychology: Linking individuals and communities},
  author={Kloos, Bret and Hill, Jean and Thomas, Elizabeth and Wandersman, Abraham and Elias, Maurice J},
  year={2012},
  publisher={Cengage Learning}
}

@article{kundin2010conceptual,
  title={A conceptual framework for how evaluators make everyday practice decisions},
  author={Kundin, Delia M},
  journal={American Journal of Evaluation},
  volume={31},
  number={3},
  pages={347--362},
  year={2010},
  publisher={SAGE Publications}
}

@article{leary2010affiliation,
  title={Affiliation, acceptance, and belonging: The pursuit of interpersonal connection},
  author={Leary, Mark R},
  journal={Handbook of social psychology},
  year={2010},
  publisher={Wiley Online Library}
}

@article{lewicka2011place,
  author = {Lewicka, Maria},
  journal = {journal of Environmental Psychology},
  number = {3},
  pages = {207--230},
  publisher = {Elsevier},
  title = {location attachment: How far have we come in the last 40 years?},
  volume = {31},
  year = {2011}
}

@article{lewin1951field,
  title={Field theory in social science},
  author={Lewin, Kurt and others},
  year={1951},
  publisher={Harper}
}

@incollection{lohman2016geographic,
  title={Geographic Information Systems},
  author={Lohmann, Andrew},
  booktitle={Handbook of Methodological Approaches to Community-based Research: Qualitative, Quantitative, and Mixed Methods},
  editor={Leonard, Jason A and Glenwick, David S},
  year={2016},
  publisher={Oxford University Press},
  location={New York, {NY}},
  pages = {93--102}
}

@article{luke2000smoke,
  author = {Luke, Douglas and Esmundo, Emily and Bloom, Yael},
  journal = {Tobacco Control},
  number = {1},
  pages = {16--23},
  publisher = {BMJ Publishing Group Ltd},
  title = {Smoke signs: patterns of tobacco billboard advertising in a metropolitan region},
  volume = {9},
  year = {2000}
}

@article{luke2005getting,
  title={Getting the big picture in community science: Methods that capture context},
  author={Luke, Douglas A},
  journal={American journal of community psychology},
  volume={35},
  number={3-4},
  pages={185--200},
  year={2005},
  publisher={Springer}
}

@article{lyseen2014review,
  title={A review and framework for categorizing current research and development in health related geographical information systems (GIS) studies},
  author={Lyseen, Anders Kn{\o}rr and N{\o}hr, Christian and S{\o}rensen, Esben Munk and Gudes, Ori and Geraghty, EM and Shaw, NT and Bivona-Tellez, C},
  journal={Yearb Med Inform},
  volume={9},
  number={1},
  pages={110--24},
  year={2014}
}

@article{markus1991culture,
  title={Culture and the self: Implications for cognition, emotion, and motivation.},
  author={Markus, Hazel R and Kitayama, Shinobu},
  journal={Psychological review},
  volume={98},
  number={2},
  pages={224},
  year={1991},
  publisher={American Psychological Association}
}

@article{mcmillan1986sense,
  author = {McMillan, David W and Chavis, David M},
  journal = {journal of community psychology},
  number = {1},
  pages = {6--23},
  publisher = {John Wiley and Sons, Inc.},
  title = {Sense of community: A definition and theory},
  volume = {14},
  year = {1986}
}

@article{mendoza2013using,
  author = {Mendoza, Natasha S and Conrow, Lindsey and Baldwin, Adrienne and Booth, Jaime},
  journal = {journal of Community Psychology},
  number = {7},
  pages = {799--810},
  publisher = {Wiley Online Library},
  title = {Using {GIS} to describe risk and neighborhood-level factors associated with substance abuse treatment outcomes},
  volume = {41},
  year = {2013}
}

@article{miller2005learning,
  author = {Miller, Robin and Shinn, Marybeth},
  journal = {American journal of community psychology},
  keywords = {prevention},
  pages = {169--183},
  shorttitle = {Learning from communities},
  title = {Learning from communities: Overcoming difficulties in dissemination of prevention and promotion efforts},
  volume = {35},
  year = {2005}
}

@article{moane2003bridging,
  author = {Moane, Geraldine},
  journal = {American journal of community psychology},
  pages = {91--101},
  shorttitle = {Bridging the personal and the political},
  title = {Bridging the personal and the political: Practices for a liberation psychology},
  volume = {31},
  year = {2003}
}

@article{mortensen2010full,
  title={Full-Cycle Social Psychology for Theory and Application},
  author={Mortensen, Chad R and Cialdini, Robert B},
  journal={Social and Personality Psychology Compass},
  volume={4},
  number={1},
  pages={53--63},
  year={2010},
  publisher={Wiley Online Library}
}

@article{nelson2001building,
  author = {Nelson, Geoffrey and Prilleltensky, Isaac and {MacGillivary},
  Heather},
  journal = {American journal of Community Psychology},
  pages = {649--677},
  shorttitle = {Building value-based partnerships},
  title = {Building value-based partnerships: Toward solidarity with oppressed groups},
  volume = {29},
  year = {2001}
}

@book{nelson2014community,
  title={Community psychology and community mental health: Towards transformative change},
  author={Nelson, Geoffrey and Kloos, Bret and Ornelas, Jose},
  year={2014},
  publisher={Oxford University Press}
}

@article{nelson2014early,
  author = {Nelson, Geoffrey and Stefancic, Ana and Rae, Jennifer and Townley, Greg and Tsemberis, Sam and Macnaughton, Eric and Aubry, Tim and Distasio, Jino and Hurtubise, Roch and Patterson, Michelle and {others}},
  journal = {Evaluation and program planning},
  keywords = {intervention},
  pages = {16--26},
  shorttitle = {Early implementation evaluation of a multi-site housing first intervention for homeless people with mental illness},
  title = {Early implementation evaluation of a multi-site housing first intervention for homeless people with mental illness: a mixed methods approach},
  volume = {43},
  year = {2014}
}

@article{nicotera2007measuring,
  author = {Nicotera, Nicole},
  journal = {American journal of Community Psychology},
  number = {1-2},
  pages = {26--51},
  publisher = {Springer},
  title = {Measuring neighborhood: A conundrum for human services researchers and practitioners},
  volume = {40},
  year = {2007}
}

@article{oishi2010social,
  author = {Oishi, Shigehiro and Graham, Jesse},
  journal = {Perspectives on Psychological Science},
  number = {4},
  pages = {356--377},
  publisher = {{SAGE Publications, Inc.}},
  title = {Social ecology lost and found in psychological science},
  volume = {5},
  year = {2010}
}

@article{orsini2012collaborative,
  title={Collaborative evaluation of a high school prevention curriculum: How methods of collaborative evaluation enhanced a randomized control trial to inform program improvement},
  author={Orsini, Muhsin Michael and Wyrick, David L and Milroy, Jeffrey J},
  journal={Evaluation and program planning},
  volume={35},
  number={4},
  pages={529--534},
  year={2012},
  publisher={Elsevier}
}

@article{parker2006constructing,
  author = {Parker, Brenda},
  journal = {The Professional Geographer},
  number = {4},
  pages = {470--484},
  publisher = {Taylor and Francis},
  title = {Constructing Community Through Maps? Power and Praxis in Community Mapping},
  volume = {58},
  year = {2006}
}

@article{pretty2003sense,
  author = {Pretty, Grace H and Chipuer, Heather M and Bramston, Paul},
  journal = {journal of Environmental Psychology},
  number = {3},
  pages = {273--287},
  publisher = {Elsevier},
  title = {Sense of place amongst adolescents and adults in two rural Australian towns: The discriminating features of place attachment, sense of community and place dependence in relation to place identity},
  volume = {23},
  year = {2003}
}

@article{proshansky1983place,
  author = {Proshansky, Harold M and Fabian, Abbe K and Kaminoff, Robert},
  journal = {journal of environmental psychology},
  number = {1},
  pages = {57--83},
  publisher = {Elsevier},
  title = {location-identity: Physical world socialization of the self},
  volume = {3},
  year = {1983}
}

@article{quon2009gis,
  title={GIS applications for community-based research and action: mapping change in a community-building initiative},
  author={Quon Huber, Melissa S and Van Egeren, Laurie A and Pierce, Steven J and Foster-Fishman, Pennie G},
  journal={Journal of prevention \& intervention in the community},
  volume={37},
  number={1},
  pages={5--20},
  year={2009},
  publisher={Taylor \& Francis}
}

@article{rappaport1987terms,
  title={Terms of empowerment/exemplars of prevention: Toward a theory for community psychology},
  author={Rappaport, Julian},
  journal={American journal of community psychology},
  volume={15},
  number={2},
  pages={121--148},
  year={1987},
  publisher={Springer}
}

@article{reis1988intimacy,
  title={Intimacy as an interpersonal process},
  author={Reis, Harry T and Shaver, Phillip and others},
  journal={Handbook of personal relationships},
  volume={24},
  number={3},
  pages={367--389},
  year={1988}
}

@article{reis2010social,
  title={Social psychological methods outside the laboratory},
  author={Reis, Harry T and Gosling, Samuel D},
  journal={Handbook of social psychology},
  year={2010},
  publisher={Wiley Online Library}
}

@article{riger1993s,
  title={What's wrong with empowerment},
  author={Riger, Stephanie},
  journal={American journal of community psychology},
  volume={21},
  number={3},
  pages={279--292},
  year={1993},
  publisher={Wiley Online Library}
}

@article{rodriguez2013cooking,
  title={Cooking, healthy eating, fitness and fun (CHEFFs): qualitative evaluation of a nutrition education program for children living at urban family homeless shelters},
  author={Rodriguez, Jacqueline and Applebaum, Jo and Stephenson-Hunter, Cara and Tinio, Andrea and Shapiro, Alan},
  journal={American journal of public health},
  volume={103},
  number={S2},
  pages={S361--S367},
  year={2013},
  publisher={American Public Health Association}
}

@book{rossi2003evaluation,
  title={Evaluation: A systematic approach},
  author={Rossi, Peter H and Lipsey, Mark W and Freeman, Howard E},
  year={2003},
  publisher={{SAGE} publications},
  location={Thousand Oaks, {CA}}
}

@article{ryan2014focus,
  title={Focus Group Evidence Implications for Design and Analysis},
  author={Ryan, Katherine E and Gandha, Tysza and Culbertson, Michael J and Carlson, Crystal},
  journal={American Journal of Evaluation},
  volume={35},
  number={3},
  pages={328--345},
  year={2014},
  publisher={SAGE Publications}
}

@article{schwarz2001asking,
  author = {Schwarz, Norbert and Oyserman, Daphna},
  journal = {American journal of Evaluation},
  pages = {127--160},
  shorttitle = {Asking questions about behavior},
  title = {Asking questions about behavior: Cognition, communication, and questionnaire construction},
  volume = {22},
  year = {2001}
}

@article{seidman1988back,
  title={Back to the future, community psychology: Unfolding a theory of social intervention},
  author={Seidman, Edward},
  journal={American journal of community psychology},
  volume={16},
  number={1},
  pages={3--24},
  year={1988},
  publisher={Springer}
}

@book{shadish1991foundations,
  author = {Shadish, William and Cook, Thomas and Leviton, Laura C.},
  location = {Thousand Oaks, {CA}},
  publisher = {{SAGE Publications, Inc.}},
  shorttitle = {foundations of program evaluation},
  title = {Foundations of program evaluation: Theories of practice},
  year = {1991}
}

@article{shadish1998evaluation,
  title={Evaluation theory is who we are},
  author={Shadish, William R},
  journal={American Journal of Evaluation},
  volume={19},
  number={1},
  pages={1--19},
  year={1998},
  publisher={Sage Publications}
}

@article{sherif1998experiments,
  author = {Sherif, Muzafer},
  journal = {Human emotions: A reader},
  pages = {245--252},
  title = {Experiments in group conflict},
  year = {1998}
}

@article{shinn1991social,
  title={Social relationships and vulnerability to becoming homeless among poor families.},
  author={Shinn, Marybeth and Knickman, James R and Weitzman, Beth C},
  journal={American Psychologist},
  volume={46},
  number={11},
  pages={1180},
  year={1991},
  publisher={American Psychological Association}
}

@article{shinn2003community,
  author = {Shinn, Marybeth and Toohey, Siobhan M},
  journal = {Annual review of psychology},
  number = {1},
  pages = {427--459},
  publisher = {Annual Reviews},
  title = {Community contexts of human welfare},
  volume = {54},
  year = {2003},
  location = {Palo Alto, {CA}}
}

@article{shinn2014capabilities,
  title={The capabilities approach to transformative change in mental health},
  author={Shinn, M},
  journal={Community psychology and community mental health: Towards transformative change},
  pages={75--86},
  year={2014}
}

@article{smith2015rebuilding,
  title={Rebuilding lives and identities: The role of place in recovery among persons with complex needs},
  author={Smith, Bikki Tran and Padgett, Deborah K and Choy-Brown, Mimi and Henwood, Benjamin F},
  journal={Health \& place},
  volume={33},
  pages={109--117},
  year={2015},
  publisher={Elsevier}
}

@article{speer1995community,
  author = {Speer, Paul and Hughey, Joseph},
  journal = {American journal of community psychology},
  pages = {729--748},
  shorttitle = {Community organizing},
  title = {Community organizing: An ecological route to empowerment and power},
  volume = {23},
  year = {1995}
}

@article{spreitzer1995empirical,
  title={An empirical test of a comprehensive model of intrapersonal empowerment in the workplace},
  author={Spreitzer, Gretchen M},
  journal={American journal of community psychology},
  volume={23},
  number={5},
  pages={601--629},
  year={1995},
  publisher={Wiley Online Library}
}

@article{stein2004asking,
  title={Asking, witnessing, interpreting, knowing: Conducting qualitative research in community psychology},
  author={Stein, Catherine H and Mankowski, Eric S},
  journal={American Journal of Community Psychology},
  volume={33},
  number={1-2},
  pages={21--35},
  year={2004},
  publisher={Springer}
}

@article{stokols1992establishing,
  author = {Stokols, Daniel},
  journal = {American Psychologist},
  number = {1},
  pages = {6},
  publisher = {American Psychological Association},
  title = {Establishing and maintaining healthy environments: toward a social ecology of health promotion.},
  volume = {47},
  year = {1992}
}

@article{sullivan2006assessing,
  author = {Sullivan, Daniel Monroe},
  journal = {Housing Policy Debate},
  number = {3},
  pages = {595--624},
  publisher = {Taylor and Francis},
  title = {Assessing residents{\rq} opinions on changes in a gentrifying neighborhood: A case study of the Alberta neighborhood in Portland, Oregon},
  volume = {17},
  year = {2006}
}

@article{sullivan2011retail,
  author = {Sullivan, Daniel Monroe and Shaw, Samuel C},
  journal = {Urban Affairs Review},
  number = {3},
  pages = {413--432},
  publisher = {{SAGE Publications, Inc.}},
  title = {Retail gentrification and race: The case of Alberta Street in Portland, Oregon},
  volume = {47},
  year = {2011}
}

@article{tajfel2004social,
  title={The Social Identity Theory of Intergroup Behavior.},
  author={Tajfel, Henri and Turner, John C},
  year={2004},
  publisher={Psychology Press}
}

@article{taylor1998social,
  title={The social being in social psychology.},
  author={Taylor, Shelley E},
  year={1998},
  publisher={McGraw-Hill}
}

@article{taylor2000biobehavioral,
  title={Biobehavioral responses to stress in females: tend-and-befriend, not fight-or-flight.},
  author={Taylor, Shelley E and Klein, Laura Cousino and Lewis, Brian P and Gruenewald, Tara L and Gurung, Regan AR and Updegraff, John A},
  journal={Psychological review},
  volume={107},
  number={3},
  pages={411},
  year={2000},
  publisher={American Psychological Association}
}

@article{thornton2011using,
  author = {Thornton, Lukar E and Pearce, Jamie R and Kavanagh, Anne M},
  journal = {Int J Behav Nutr Phys Act},
  number = {71},
  pages = {10--1186},
  title = {Using Geographic Information Systems (GIS) to assess the role of the built environment in influencing obesity: a glossary},
  volume = {8},
  year = {2011}
}

@article{townley2009understanding,
  author = {Townley, Greg and Kloos, Bret and Wright, Patricia A},
  journal = {Health and place},
  number = {2},
  pages = {520--531},
  publisher = {Elsevier},
  title = {Understanding the experience of place: Expanding methods to conceptualize and measure community integration of persons with serious mental illness},
  volume = {15},
  year = {2009}
}

@article{townley2011reconcilable,
  title={Reconcilable differences? Human diversity, cultural relativity, and sense of community},
  author={Townley, Greg and Kloos, Bret and Green, Eric P and Franco, Margarita M},
  journal={American Journal of Community Psychology},
  volume={47},
  number={1-2},
  pages={69--85},
  year={2011},
  publisher={Wiley Online Library}
}

@article{trickett2011water,
  title={From “water boiling in a Peruvian town” to “letting them die”: Culture, community intervention, and the metabolic balance between patience and zeal},
  author={Trickett, Edison J},
  journal={American Journal of Community Psychology},
  volume={47},
  number={1-2},
  pages={58--68},
  year={2011},
  publisher={Springer}
}

@article{wang1997photovoice,
  title={Photovoice: Concept, methodology, and use for participatory needs assessment},
  author={Wang, Caroline and Burris, Mary Ann},
  journal={Health education \& behavior},
  volume={24},
  number={3},
  pages={369--387},
  year={1997},
  publisher={Sage Publications}
}

@article{watts1992elements,
  title={Elements of a psychology of human diversity},
  author={Watts, Roderick J},
  journal={Journal of Community Psychology},
  volume={20},
  number={2},
  pages={116--131},
  year={1992},
  publisher={Wiley Online Library}
}

@article{weitzman2013good,
  author = {Weitzman, Beth and Silver, Diana},
  journal = {American journal of Evaluation},
  pages = {115--119},
  title = {Good Evaluation Measures More Than Their Psychometric Properties},
  volume = {34},
  year = {2013}
}

@article{wise2015placing,
  author = {Wise, Nicholas},
  journal = {journal of Community Psychology},
  number = {7},
  pages = {920--929},
  publisher = {Wiley Online Library},
  title = {Placing Sense of Community},
  volume = {43},
  year = {2015}
}

@article{wright2007housing,
  author = {Wright, Patricia Ann and Kloos, Bret},
  journal = {journal of Environmental Psychology},
  number = {1},
  pages = {79--89},
  publisher = {Elsevier},
  title = {Housing environment and mental health outcomes: A levels of analysis perspective},
  volume = {27},
  year = {2007}
}

@article{ziersch2005neighbourhood,
  author = {Ziersch, Anna M and Baum, Fran E and MacDougall, Colin and Putland, Christine},
  journal = {Social science and medicine},
  number = {1},
  pages = {71--86},
  publisher = {Elsevier},
  title = {Neighbourhood life and social capital: the implications for health},
  volume = {60},
  year = {2005}
}
